@book{book:2382813,
   title =     {A Primer on Quantum Computing},
   author =    {Franklin De Lima Marquezino, Renato Portugal, Carlile Lavor},
   publisher = {Springer International Publishing},
   isbn =      {978-3-030-19065-1},
   year =      {2019},
   series =    {SpringerBriefs in Computer Science},
   edition =   {1},
   volume =    {},
   url =       {http://gen.lib.rus.ec/book/index.php?md5=507f501f26a44c3039a6ab848592a248}
}

@article{Harrow_2009,
   doi = {10.1103/physrevlett.103.150502},
   url = {https://doi.org/10.1103%2Fphysrevlett.103.150502},
   year = 2009,
   month = {oct},
   publisher = {American Physical Society ({APS})},
   volume = {103},
   number = {15},
   author = {Aram W. Harrow and Avinatan Hassidim and Seth Lloyd},
   title = {Quantum Algorithm for Linear Systems of Equations},
   journal = {Physical Review Letters}
}

@article{Benedetti_2018,
   doi = {10.1088/2058-9565/aabd98},
   url = {https://doi.org/10.1088%2F2058-9565%2Faabd98},
   year = 2018,
   month = {may},
   publisher = {{IOP} Publishing},
   volume = {3},
   number = {3},
   pages = {034007},
   author = {Marcello Benedetti and John Realpe-G{\'{o}}mez and Alejandro Perdomo-Ortiz},
   title = {Quantum-assisted Helmholtz machines: A quantum{\textendash}classical deep learning framework for industrial datasets in near-term devices},
   journal = {Quantum Science and Technology}
}


@article{Perdomo_Ortiz_2018,
   doi = {10.1088/2058-9565/aab859},
   url = {https://doi.org/10.1088%2F2058-9565%2Faab859},
   year = 2018,
   month = {jun},
   publisher = {{IOP} Publishing},
   volume = {3},
   number = {3},
   pages = {030502},
   author = {Alejandro Perdomo-Ortiz and Marcello Benedetti and John Realpe-G{\'{o}}mez and Rupak Biswas},
   title = {Opportunities and challenges for quantum-assisted machine learning in near-term quantum computers},
   journal = {Quantum Science and Technology}
}

@article{Cleve_1998,
   doi = {10.1098/rspa.1998.0164},
   url = {https://doi.org/10.1098%2Frspa.1998.0164},
   year = 1998,
   month = {jan},
   publisher = {The Royal Society},
   volume = {454},
   number = {1969},
   pages = {339--354},
   author = {R. Cleve and A. Ekert and C. Macchiavello and M. Mosca},
   title = {Quantum algorithms revisited},
   journal = {Proceedings of the Royal Society of London. Series A: Mathematical, Physical and Engineering Sciences}
}
@article{Busemeyer,
author = {Busemeyer, Jerome and Wang, Zheng and Shiffrin, Richard},
year = {2015},
month = {01},
pages = {1-12},
title = {Bayesian model comparison favors quantum over standard decision theory account of dynamic inconsistency},
volume = {2},
journal = {Decision},
doi = {10.1037/dec0000017}
}